
@inproceedings{timofte_anchored_2013,
	title = {Anchored {Neighborhood} {Regression} for {Fast} {Example}-{Based} {Super}-{Resolution}},
	isbn = {978-1-4799-2840-8},
	url = {http://ieeexplore.ieee.org/document/6751349/},
	doi = {10.1109/ICCV.2013.241},
	urldate = {2017-10-11},
	publisher = {IEEE},
	author = {Timofte, Radu and De, Vincent and Gool, Luc Van},
	month = dec,
	year = {2013},
	pages = {1920--1927}
}

@inproceedings{freeman_learning_1999,
	title = {Learning low-level vision},
	isbn = {978-0-7695-0164-2},
	url = {http://ieeexplore.ieee.org/document/790414/},
	doi = {10.1109/ICCV.1999.790414},
	urldate = {2017-10-11},
	publisher = {IEEE},
	author = {Freeman, W.T. and Pasztor, E.C.},
	year = {1999},
	pages = {1182--1189 vol.2}
}

@misc{noauthor_gpu_nodate,
	title = {{GPU} parallel implementation of the approximate {K}-...},
	url = {http://xueshu.baidu.com/s?wd=paperuri%3A%28fb5e025fe56ed0f5af01d09d730d2ff8%29&filter=sc_long_sign&tn=SE_xueshusource_2kduw22v&sc_vurl=http%3A%2F%2Fieeexplore.ieee.org%2Fdocument%2F6952053%2F&ie=utf-8&sc_us=15034390094660609207},
	urldate = {2017-10-11}
}

@article{tours_[neonatal_1975,
	title = {[{Neonatal} listeriosis (based on 43 cases)]},
	volume = {16 Spec No 1},
	issn = {0003-4061},
	abstract = {Using results in 43 cases from two neonatal units (Paris-Tours), the authors emphasize the essential facts concerning neonatal listeriosis. 1 -- Incidence: -- of an infectious maternal disease (32 cases out of 43), -- of permaturity (60\% of cases), -- and of foetal distress (72\%). 2 -- Clinical study: Early neonatal infectious are the only forms seen; clinical signs appear before the first day (40 out of 42). These is septicaemia with mainly respiratory signs (olypnoea, laboured breathing). Their presence and clinical history should incite to take swabs of the orifices and carry out blood culture. The new-born are given double antibiotherapy (penicline and aninoside or kanamycine and gentalline) while waiting for laboratory reports. This routine treatment based on maternal past history and on mild clinical signs at this stage has improved the prognosis of these septicaemias (16 deaths out of 43 children).},
	language = {fre},
	journal = {Annales De L'anesthesiologie Francaise},
	author = {Tours, null},
	year = {1975},
	pmid = {2076},
	keywords = {Female, Humans, Infant, Newborn, Infant, Newborn, Diseases, Listeriosis, Pregnancy, Pregnancy Complications, Infectious, Respiratory Tract Infections, Sepsis},
	pages = {176--180}
}

@inproceedings{irofti_gpu_2014,
	title = {{GPU} parallel implementation of the approximate {K}-{SVD} algorithm using {OpenCL}},
	url = {http://ieeexplore.ieee.org/document/6952053/},
	booktitle = {Signal {Processing} {Conference}},
	author = {Irofti, Paul and Dumitrescu, Bogdan},
	year = {2014},
	pages = {271--275},
	file = {Snapshot:files/632/s.html:text/html}
}

@article{aharon_rm_2006,
	title = {\$rm {K}\$-{SVD}: {An} {Algorithm} for {Designing} {Overcomplete} {Dictionaries} for {Sparse} {Representation}},
	volume = {54},
	issn = {1053-587X},
	shorttitle = {\$rm {K}\$-{SVD}},
	url = {http://ieeexplore.ieee.org/document/1710377/},
	doi = {10.1109/TSP.2006.881199},
	number = {11},
	urldate = {2017-10-31},
	journal = {IEEE Transactions on Signal Processing},
	author = {Aharon, M. and Elad, M. and Bruckstein, A.},
	month = nov,
	year = {2006},
	pages = {4311--4322}
}

@article{jianchao_yang_image_2010,
	title = {Image {Super}-{Resolution} {Via} {Sparse} {Representation}},
	volume = {19},
	issn = {1057-7149},
	url = {http://ieeexplore.ieee.org/document/5466111/},
	doi = {10.1109/TIP.2010.2050625},
	number = {11},
	urldate = {2017-12-17},
	journal = {IEEE Transactions on Image Processing},
	author = {{Jianchao Yang} and Wright, John and Huang, Thomas S and {Yi Ma}},
	month = nov,
	year = {2010},
	pages = {2861--2873}
}

@article{rubinstein_efficient_2009,
	title = {Efficient {Implementation} of the {K}-{SVD} {Algorithm} {Using} {Batch} {Orthogonal} {Matching} {Pursuit}},
	volume = {40},
	url = {http://www.researchgate.net/publication/251229200_Efficie},
	journal = {Cs Technion},
	author = {Rubinstein, Ron and Zibulevsky, Michael and Elad, Michael},
	year = {2009},
	file = {Snapshot:files/660/s.html:text/html}
}



@inproceedings{kaibing_zhang_multi-scale_2012,
	title = {Multi-scale dictionary for single image super-resolution},
	isbn = {978-1-4673-1228-8 978-1-4673-1226-4 978-1-4673-1227-1},
	url = {http://ieeexplore.ieee.org/document/6247791/},
	doi = {10.1109/CVPR.2012.6247791},
	urldate = {2017-12-17},
	publisher = {IEEE},
	author = {{Kaibing Zhang} and {Xinbo Gao} and {Dacheng Tao} and {Xuelong Li}},
	month = jun,
	year = {2012},
	pages = {1114--1121}
}

@article{nasrollahi_super-resolution:_2014,
	title = {Super-resolution: a comprehensive survey},
	volume = {25},
	shorttitle = {Super-resolution},
	url = {http://link.springer.com/article/10.1007/s00138-014-0623-4},
	doi = {10.1007/s00138-014-0623-4},
	number = {6},
	journal = {Machine Vision \& Applications},
	author = {Nasrollahi, Kamal and Moeslund, Thomas B.},
	year = {2014},
	pages = {1423--1468},
	file = {Snapshot:files/664/s.html:text/html}
}